<record><leader>00000cas a22000007a 4500</leader><controlfield tag="001">15474152</controlfield><controlfield tag="008">870402c19879999pauer ne      0    0eng d</controlfield><datafield ind1=" " ind2=" " tag="010"><subfield code="a">sn 87080121 </subfield></datafield><datafield ind1=" " ind2=" " tag="040"><subfield code="a">NPH</subfield><subfield code="b">eng</subfield><subfield code="c">NPH</subfield><subfield code="d">OCLCQ</subfield></datafield><datafield ind1="0" ind2="0" tag="245"><subfield code="a">Pittsburgh Homewood-Brushton news.</subfield></datafield><datafield ind1="1" ind2="7" tag="246"><subfield code="a">Pittsburgh H-B news</subfield></datafield><datafield ind1=" " ind2=" " tag="260"><subfield code="a">Pittsburgh, Pa. :</subfield><subfield code="b">Connie Portis,</subfield><subfield code="c">1987-</subfield></datafield><datafield ind1=" " ind2=" " tag="300"><subfield code="a">v. :</subfield><subfield code="b">ill. ;</subfield><subfield code="c">38 cm.</subfield></datafield><datafield ind1=" " ind2=" " tag="310"><subfield code="a">Biweekly</subfield></datafield><datafield ind1="0" ind2=" " tag="362"><subfield code="a">Vol. 21, no. 1 (Jan. 28, 1987)-</subfield></datafield><datafield ind1="8" ind2=" " tag="521"><subfield code="a">"Largest Black controlled circulation newspaper in Allegheny County."</subfield></datafield><datafield ind1=" " ind2=" " tag="752"><subfield code="a">United States</subfield><subfield code="b">Pennsylvania</subfield><subfield code="c">Allegheny</subfield><subfield code="d">Pittsburgh.</subfield></datafield><datafield ind1="0" ind2="0" tag="780"><subfield code="t">Pittsburgh Homewood-Brushton news and shoppers guide</subfield><subfield code="w">(DLC)sn 85054968</subfield></datafield></record>